<?xml version="1.0" encoding="UTF-8"?><record xmlns="http://www.loc.gov/MARC21/slim" xmlns:cinclude="http://apache.org/cocoon/include/1.0" xmlns:zs="http://www.loc.gov/zing/srw/">
  <leader>00479nz  a2200145n  4500</leader>
  <controlfield tag="001">no2003098844</controlfield>
  <controlfield tag="003">DLC</controlfield>
  <controlfield tag="005">20031002052302.0</controlfield>
  <controlfield tag="008">031001n| acannaab           |a aaa     c</controlfield>
  <datafield tag="010" ind1=" " ind2=" ">
    <subfield code="a">no2003098844</subfield>
  </datafield>
  <datafield tag="035" ind1=" " ind2=" ">
    <subfield code="a">(OCoLC)oca06166517</subfield>
  </datafield>
  <datafield tag="040" ind1=" " ind2=" ">
    <subfield code="a">NjP</subfield>
    <subfield code="b">eng</subfield>
    <subfield code="c">NjP</subfield>
  </datafield>
  <datafield tag="100" ind1="1" ind2=" ">
    <subfield code="a">Ivanov, A. A.</subfield>
    <subfield code="q">(Alekseĭ Andreevich),</subfield>
    <subfield code="d">1911-1996</subfield>
  </datafield>
  <datafield tag="400" ind1="1" ind2=" ">
    <subfield code="a">Ivanov, Alekseĭ Andreevich,</subfield>
    <subfield code="d">1911-1996</subfield>
  </datafield>
  <datafield tag="670" ind1=" " ind2=" ">
    <subfield code="a">Ocherki i rasskazy,2001:</subfield>
    <subfield code="b">t.p. (A.A. Ivanov) t.p. verso (Alekseĭ Andreevich Ivanov; 1911-1996)</subfield>
  </datafield>
</record>